@article{haataja20172007,
  title={The 2007 cyber attacks against Estonia and international law 
on the use of force: an informational approach},
  author={Haataja, Samuli},
  journal={Law, Innovation and Technology},
  volume={9},
  number={2},
  pages={159--189},
  year={2017},
  publisher={Taylor \& Francis}
}

@article{burton2015nato,
  title={{NATO’s} cyber defence: strategic challenges and institutional 
adaptation},
  author={Burton, Joe},
  journal={Defence Studies},
  volume={15},
  number={4},
  pages={297--319},
  year={2015},
  publisher={Taylor \& Francis}
}

@article{fleck2013searching,
  title={Searching for international rules applicable to cyber 
warfare--a critical first assessment of the New Tallinn manual},
  author={Fleck, Dieter},
  journal={Journal of Conflict and Security Law},
  volume={18},
  number={2},
  pages={331--351},
  year={2013},
  publisher={Oxford University Press}
}

@article{sutherland2015geneva,
  title={The Geneva Conventions and Cyber--Warfare: A Technical 
Approach},
  author={Sutherland, Iain and Xynos, Konstantinos and Jones, Andrew 
and Blyth, Andrew},
  journal={The RUSI Journal},
  volume={160},
  number={4},
  pages={30--39},
  year={2015},
  publisher={Taylor \& Francis}
}

@article{lin2012cyber,
  title={Cyber conflict and international humanitarian law},
  author={Lin, Herbert},
  journal={Int'l Rev. Red Cross},
  volume={94},
  pages={515},
  year={2012},
  publisher={HeinOnline}
}

@article{eberle2013just,
  title={Just war and cyberwar},
  author={Eberle, Christopher J},
  journal={Journal of Military Ethics},
  volume={12},
  number={1},
  pages={54--67},
  year={2013},
  publisher={Taylor \& Francis}
}

@article{maitra2015offensive,
  title={Offensive cyber-weapons: technical, legal, and strategic 
aspects},
  author={Maitra, Amit K},
  journal={Environment Systems and Decisions},
  volume={35},
  number={1},
  pages={169--182},
  year={2015},
  publisher={Springer}
}

@article{manson2011cyberwar,
  title={Cyberwar: The United States and China prepare for the next 
generation of conflict},
  author={Manson, George Patterson},
  journal={Comparative Strategy},
  volume={30},
  number={2},
  pages={121--133},
  year={2011},
  publisher={Taylor \& Francis}
}

@article{moher2010preferred,
  title={Preferred reporting items for systematic reviews and meta-analyses: the PRISMA statement},
  author={Moher, David and Liberati, Alessandro and Tetzlaff, Jennifer and Altman, Douglas G and others},
  journal={Int J Surg},
  volume={8},
  number={5},
  pages={336--341},
  year={2010}
}

@article{haggard2015north,
  title={North Korea and the Sony Hack: Exporting Instability Through Cyberspace},
  author={Haggard, Stephan and Lindsay, Jon R},
  journal={Asia-Pacific Issues},
  number={117},
  pages={1},
  year={2015},
  publisher={East-West Center}
}

@article{pfluke2019history,
  title={A history of the Five Eyes Alliance: Possibility for reform and additions},
  author={Pfluke, Corey},
  journal={Comparative Strategy},
  volume={38},
  number={4},
  pages={302--315},
  year={2019},
  publisher={Taylor \& Francis}
}

@article{loleski2019cold,
  title={From cold to cyber warriors: the origins and expansion of {NSA’s}Tailored Access Operations (TAO) to Shadow Brokers},
  author={Loleski, Steven},
  journal={Intelligence and National Security},
  volume={34},
  number={1},
  pages={112--128},
  year={2019},
  publisher={Taylor \& Francis}
}

@article{langner2011stuxnet,
  title={Stuxnet: Dissecting a cyberwarfare weapon},
  author={Langner, Ralph},
  journal={IEEE Security \& Privacy},
  volume={9},
  number={3},
  pages={49--51},
  year={2011},
  publisher={IEEE}
}

@article{van2017impact,
  title={The impact of nation-state hacking on commercial cyber--security},
  author={van Der Walt, Charl},
  journal={Computer Fraud \& Security},
  volume={2017},
  number={4},
  pages={5--10},
  year={2017},
  publisher={Elsevier}
}

@article{alshamrani2019survey,
  title={A survey on advanced persistent threats: Techniques, solutions, challenges, and research opportunities},
  author={Alshamrani, Adel and Myneni, Sowmya and Chowdhary, Ankur and Huang, Dijiang},
  journal={IEEE Communications Surveys \& Tutorials},
  volume={21},
  number={2},
  pages={1851--1877},
  year={2019},
  publisher={IEEE}
}

@book{drmann2005customary,
  title={Customary international humanitarian law},
  author={D๖rmann, Knut and Rolle, Baptiste},
  volume={1},
  year={2005},
  publisher={Cambridge University Press}
}

@article{dipert2010ethics,
  title={The ethics of cyberwarfare},
  author={Dipert, Randall R},
  journal={Journal of Military Ethics},
  volume={9},
  number={4},
  pages={384--410},
  year={2010},
  publisher={Taylor \& Francis}
}

@book{gates2010military,
  title={Military and Security Developments Involving the People's Republic of China 2010: Annual Report to Congress},
  author={Gates, Robert M},
  year={2010},
  publisher={Diane Publishing}
}

@article{cunningham2002gate,
  title={GATE, a general architecture for text engineering},
  author={Cunningham, Hamish},
  journal={Computers and the Humanities},
  volume={36},
  number={2},
  pages={223--254},
  year={2002},
  publisher={Springer}
}

@book{cunningham2009developing,
  title={Developing Language Processing Components with GATE Version 5:(a User Guide)},
  author={Cunningham, Hamish and Maynard, Diana and Bontcheva, Kalina and Tablan, Valentin and Ursu, Cristian and Dimitrov, Marin and Dowman, Mike and Aswani, Niraj and Roberts, Ian and Li, Yaoyong and others},
  year={2009},
  publisher={University of Sheffield}
}

@article{van2020asreview,
  title={ASReview: Open source software for efficient and transparent active learning for systematic reviews},
  author={van de Schoot, Rens and de Bruin, Jonathan and Schram, Raoul and Zahedi, Parisa and de Boer, Jan and Weijdema, Felix and Kramer, Bianca and Huijts, Martijn and Hoogerwerf, Maarten and Ferdinands, Gerbrich and others},
  journal={arXiv preprint arXiv:2006.12166},
  year={2020}
}

@book{schmitt2013tallinn,
  title={Tallinn manual on the international law applicable to cyber warfare},
  author={Schmitt, Michael N},
  year={2013},
  publisher={Cambridge University Press}
}

@book{schmitt2017tallinn,
  title={Tallinn manual 2.0 on the international law applicable to cyber operations},
  author={Schmitt, Michael N},
  year={2017},
  publisher={Cambridge University Press}
}

@article{international1987protocol,
  title={Protocol Additional to the Geneva Conventions of 12 August 1949, and Relating to the Protection of Victims of International Armed Conflicts (Protocol I), 8 June 1977},
  author={International Committee of the Red Cross},
  year={1987}
}

@book{pictet1952geneva,
  title={The Geneva Conventions of 12 August 1949: Geneva convention for the amelioration of the condition of the wounded and sick in armed forces in the field},
  author={Pictet, Jean},
  volume={1},
  year={1952},
  publisher={International Committee of the Red Cross}
}

@article{von2012tallinn,
  title={The Tallinn manual and international cyber security law},
  author={von Heinegg, Wolff Heintschel},
  journal={Yearbook of international humanitarian law},
  volume={15},
  pages={3--18},
  year={2012},
  publisher={Cambridge University Press}
}

@article{kessler2013expertise,
  title={Expertise, uncertainty, and international law: a study of the Tallinn Manual on Cyberwarfare},
  author={Kessler, Oliver and Werner, Wouter},
  journal={LJIL},
  volume={26},
  pages={793},
  year={2013},
  publisher={HeinOnline}
}


