@Article{Hollis2018,
  author    = {Duncan B. Hollis and Jens David Ohlin},
  journal   = {{ETHICS \& INTERNATIONAL AFFAIRS}},
  title     = {{What if Cyberspace Were for Fighting ?}},
  year      = {{2018}},
  issn      = {{0892-6794}},
  month     = {{WIN}},
  number    = {{4}},
  pages     = {{441--456}},
  volume    = {{32}},
  doi       = {10.1017/S089267941800059X},
  eissn     = {{1747-7093}},
  unique-id = {{ISI:000452733200005}},
}

@Article{Lonsdale2018,
  author        = {D.J. Lonsdale},
  journal       = {Philosophy and Technology},
  title         = {Warfighting for Cyber Deterrence: a Strategic and Moral Imperative},
  year          = {2018},
  note          = {cited By 4},
  number        = {3},
  pages         = {409--429},
  volume        = {31},
  document_type = {Article},
  doi           = {10.1007/s13347-017-0252-8},
  source        = {Scopus},
  url           = {https://www.scopus.com/inward/record.uri?eid=2-s2.0-85020566690&doi=10
.1007%2fs13347-017-0252-8&partnerID=40&md5=b216c2107dba189534e1b3403d7
1a09e},
}

@Article{Prescott2011,
  author        = {J. Prescott},
  journal       = {RUSI Journal},
  title         = {War by analogy: US cyberspace strategy and international humanitarian law},
  year          = {2011},
  note          = {cited By 3},
  number        = {6},
  pages         = {32--39},
  volume        = {156},
  document_type = {Article},
  doi           = {10.1080/03071847.2011.642683},
  source        = {Scopus},
  url           = {https://www.scopus.com/inward/record.uri?eid=2-s2.0-84858222751&doi=10
.1080%2f03071847.2011.642683&partnerID=40&md5=45f7301943d474cdf014b7e8
153fd942},
}

@Article{Saxon2016,
  author        = {D. Saxon},
  journal       = {Journal of Conflict and Security Law},
  title         = {Violations of international humanitarian law by non-state actors during cyberwarfare: Challenges for investigations and prosecutions},
  year          = {2016},
  note          = {cited By 1},
  number        = {3},
  pages         = {555--574},
  volume        = {21},
  document_type = {Article},
  doi           = {10.1093/jcsl/krw018},
  source        = {Scopus},
  url           = {https://www.scopus.com/inward/record.uri?eid=2-s2.0-85014678153&doi=10
.1093%2fjcsl%2fkrw018&partnerID=40&md5=7051d2b96105ca7af4bec112a4c138b
9},
}

@Article{HadjiJanev2013,
  author        = {M. Hadji-Janev and S. Aleksoski},
  journal       = {Mediterranean Journal of Social Sciences},
  title         = {Use of force in self-defense against cyber-attacks and the shockwaves in the legal community: One more reason for holistic legal approach to cyberspace},
  year          = {2013},
  note          = {cited By 0},
  number        = {14},
  pages         = {115--124},
  volume        = {4},
  document_type = {Article},
  doi           = {10.5901/mjss.2013.v4n14p115},
  source        = {Scopus},
  url           = {https://www.scopus.com/inward/record.uri?eid=2-s2.0-84892560121&doi=10
.5901%2fmjss.2013.v4n14p115&partnerID=40&md5=47b688e8608397f0cd1ba4505
5fa4c21},
}

@Article{Rowe2020,
  author        = {B.I. Rowe},
  journal       = {Security Journal},
  title         = {Transnational state-sponsored cyber economic espionage: a legal quagmire},
  year          = {2020},
  note          = {cited By 0},
  number        = {1},
  pages         = {63--82},
  volume        = {33},
  document_type = {Article},
  doi           = {10.1057/s41284-019-00197-3},
  source        = {Scopus},
  url           = {https://www.scopus.com/inward/record.uri?eid=2-s2.0-85073814180&doi=10
.1057%2fs41284-019-00197-3&partnerID=40&md5=d24122b1f5ef9db67e531e31ba
88bc2b},
}

@Article{Tanodomdej2019,
  author        = {P. Tanodomdej},
  journal       = {Masaryk University Journal of Law and Technology},
  title         = {The tallinn manuals and the making of the international law on cyber operations},
  year          = {2019},
  note          = {cited By 0},
  number        = {1},
  pages         = {67--85},
  volume        = {13},
  document_type = {Article},
  doi           = {10.5817/MUJLT2019-1-4},
  source        = {Scopus},
  url           = {https://www.scopus.com/inward/record.uri?eid=2-s2.0-85070695930&doi=10
.5817%2fMUJLT2019-1-4&partnerID=40&md5=a58c48ce2282e3dfdf09054cb6da170
e},
}

@Article{Dinstein2012,
  author        = {Y. Dinstein},
  journal       = {Journal of Conflict and Security Law},
  title         = {The principle of distinction and Cyber war in international armed conflicts},
  year          = {2012},
  note          = {cited By 18},
  number        = {2},
  pages         = {261--277},
  volume        = {17},
  art_number    = {krs015},
  document_type = {Article},
  doi           = {10.1093/jcsl/krs015},
  source        = {Scopus},
  url           = {https://www.scopus.com/inward/record.uri?eid=2-s2.0-84865558585&doi=10
.1093%2fjcsl%2fkrs015&partnerID=40&md5=7b6baa01993abbd96c0e3bc157a4ff0
a},
}

@Article{Schmitt2015,
  author        = {M.N. Schmitt},
  journal       = {Israel Law Review},
  title         = {The notion of 'objects' during cyber operations: A riposte in defence of interpretive and applicative precision},
  year          = {2015},
  note          = {cited By 5},
  number        = {1},
  pages         = {81--109},
  volume        = {48},
  document_type = {Article},
  doi           = {10.1017/S0021223714000314},
  source        = {Scopus},
  url           = {https://www.scopus.com/inward/record.uri?eid=2-s2.0-84927661824&doi=10
.1017%2fS0021223714000314&partnerID=40&md5=8468c08c00de0a96e31ad153e84
f05e1},
}

@Article{Grohe2015,
  author        = {E. Grohe},
  journal       = {Comparative Strategy},
  title         = {The cyber dimensions of the syrian civil war: Implications for future conflict},
  year          = {2015},
  note          = {cited By 3},
  number        = {2},
  pages         = {133--148},
  volume        = {34},
  document_type = {Article},
  doi           = {10.1080/01495933.2015.1017342},
  source        = {Scopus},
  url           = {https://www.scopus.com/inward/record.uri?eid=2-s2.0-84929674376&doi=10
.1080%2f01495933.2015.1017342&partnerID=40&md5=6596caf0a6b36817d953c27
db74981c6},
}

@Article{Ormrod2016,
  author        = {D. Ormrod and B. Turnbull},
  journal       = {Defence Studies},
  title         = {The cyber conceptual framework for developing military doctrine},
  year          = {2016},
  note          = {cited By 7},
  number        = {3},
  pages         = {270--298},
  volume        = {16},
  document_type = {Article},
  doi           = {10.1080/14702436.2016.1187568},
  source        = {Scopus},
  url           = {https://www.scopus.com/inward/record.uri?eid=2-s2.0-84973100712&doi=10
.1080%2f14702436.2016.1187568&partnerID=40&md5=15b9dbf72bea287ffcf5700
acb543d35},
}

@Article{Tsagourias2012a,
  author        = {N. Tsagourias},
  journal       = {Yearbook of International Humanitarian Law},
  title         = {The Tallinn Manual on the International Law Applicable to Cyber Warfare: A Commentary on Chapter II---The Use of Force},
  year          = {2012},
  note          = {cited By 1},
  pages         = {19--43},
  volume        = {15},
  document_type = {Article},
  doi           = {10.1007/978-90-6704-924-5_2},
  source        = {Scopus},
  url           = {https://www.scopus.com/inward/record.uri?eid=2-s2.0-84940701085&doi=10
.1007%2f978-90-6704-924-5_2&partnerID=40&md5=11325ca78b1f534ca538f01fa
a6df87c},
}

@Article{VonHeinegg2012,
  author        = {W.H. {Von Heinegg}},
  journal       = {Yearbook of International Humanitarian Law},
  title         = {The Tallinn Manual and International Cyber Security Law},
  year          = {2012},
  note          = {cited By 3},
  pages         = {3--18},
  volume        = {15},
  document_type = {Article},
  doi           = {10.1007/978-90-6704-924-5_1},
  source        = {Scopus},
  url           = {https://www.scopus.com/inward/record.uri?eid=2-s2.0-84940701055&doi=10
.1007%2f978-90-6704-924-5_1&partnerID=40&md5=a48a33ebe49607505b33d7cb3
f96515b},
}

@Article{Sutherland2015,
  author        = {I. Sutherland and K. Xynos and A. Jones and A. Blyth},
  journal       = {RUSI Journal},
  title         = {The Geneva Conventions and Cyber-Warfare: A Technical Approach},
  year          = {2015},
  note          = {cited By 0},
  number        = {4},
  pages         = {30--39},
  volume        = {160},
  document_type = {Article},
  doi           = {10.1080/03071847.2015.1079044},
  source        = {Scopus},
  url           = {https://www.scopus.com/inward/record.uri?eid=2-s2.0-84941073322&doi=10
.1080%2f03071847.2015.1079044&partnerID=40&md5=207714bb3f7a6cd6217f7f3
24cfcae27},
}

@Article{Lonsdale2020,
  author        = {D.J. Lonsdale},
  journal       = {Journal of Military Ethics},
  title         = {The Ethics of Cyber Attack: Pursuing Legitimate Security and the Common Good in Contemporary Conflict Scenarios},
  year          = {2020},
  note          = {cited By 0},
  number        = {1},
  pages         = {20--39},
  volume        = {19},
  document_type = {Article},
  doi           = {10.1080/15027570.2020.1764694},
  source        = {Scopus},
  url           = {https://www.scopus.com/inward/record.uri?eid=2-s2.0-85086330327&doi=10
.1080%2f15027570.2020.1764694&partnerID=40&md5=7f507c8ca623e272b3b59e6
a29d9792b},
}

@Article{Leuprecht2019,
  author        = {C. Leuprecht and J. Szeman and D.B. Skillicorn},
  journal       = {Contemporary Security Policy},
  title         = {The Damoclean sword of offensive cyber: Policy uncertainty and collective insecurity},
  year          = {2019},
  note          = {cited By 3},
  number        = {3},
  pages         = {382--407},
  volume        = {40},
  document_type = {Article},
  doi           = {10.1080/13523260.2019.1590960},
  source        = {Scopus},
  url           = {https://www.scopus.com/inward/record.uri?eid=2-s2.0-85063568141&doi=10
.1080%2f13523260.2019.1590960&partnerID=40&md5=447be6a6f403d7748c43d8b
68361cbb0},
}

@Article{Dinniss2015,
  author    = {Heather A. Harrison Dinniss},
  journal   = {{ISRAEL LAW REVIEW}},
  title     = {{THE NATURE OF OBJECTS: TARGETING NETWORKS AND THE CHALLENGE OF DEFINING CYBER MILITARY OBJECTIVES}},
  year      = {{2015}},
  issn      = {{0021-2237}},
  month     = {{MAR}},
  number    = {{1}},
  pages     = {{39--54}},
  volume    = {{48}},
  doi       = {10.1017/S0021223714000272},
  eissn     = {{2047-9336}},
  unique-id = {{ISI:000409733200003}},
}

@Article{Farwell2011,
  author        = {J.P. Farwell and R. Rohozinski},
  journal       = {Survival},
  title         = {Stuxnet and the future of cyber war},
  year          = {2011},
  note          = {cited By 332},
  number        = {1},
  pages         = {23--40},
  volume        = {53},
  document_type = {Article},
  doi           = {10.1080/00396338.2011.555586},
  source        = {Scopus},
  url           = {https://www.scopus.com/inward/record.uri?eid=2-s2.0-79251616434&doi=10
.1080%2f00396338.2011.555586&partnerID=40&md5=c493011d2dbc8d2df519662f
7bc1a66e},
}

@Article{DunlapJr.2013,
  author        = {C.J. {Dunlap Jr.}},
  journal       = {Air and Space Power Journal},
  title         = {Some reflections on the intersection of law and ethics in cyber war},
  year          = {2013},
  note          = {cited By 2},
  number        = {1},
  pages         = {22--43},
  volume        = {27},
  document_type = {Article},
  source        = {Scopus},
  url           = {https://www.scopus.com/inward/record.uri?eid=2-s2.0-84872352676&partne
rID=40&md5=aec7bdcc057f87f55a26ba36c696839b},
}

@Article{Fleck2013,
  author        = {D. Fleck},
  journal       = {Journal of Conflict and Security Law},
  title         = {Searching for international rules applicable to cyber warfare-a critical first assessment of the new tallinn manual},
  year          = {2013},
  note          = {cited By 12},
  number        = {2},
  pages         = {331--351},
  volume        = {18},
  document_type = {Article},
  doi           = {10.1093/jcsl/krt011},
  source        = {Scopus},
  url           = {https://www.scopus.com/inward/record.uri?eid=2-s2.0-84881326365&doi=10
.1093%2fjcsl%2fkrt011&partnerID=40&md5=87dee6967bbba311e8553349d77cef7
1},
}

@Article{RobertKehler2017,
  author        = {C. {Robert Kehler} and H. Lin and M. Sulmeyer},
  journal       = {Journal of Cybersecurity},
  title         = {Rules of engagement for cyberspace operations: A view from the USA},
  year          = {2017},
  note          = {cited By 2},
  number        = {1},
  pages         = {69--80},
  volume        = {3},
  document_type = {Article},
  doi           = {10.1093/cybsec/tyx003},
  source        = {Scopus},
  url           = {https://www.scopus.com/inward/record.uri?eid=2-s2.0-85053657610&doi=10
.1093%2fcybsec%2ftyx003&partnerID=40&md5=a84b5bc27941cc752ac566150b4ce
c66},
}

@Article{Barrett2015,
  author        = {E.T. Barrett},
  journal       = {Philosophy and Technology},
  title         = {Reliable Old Wineskins: The Applicability of the Just War Tradition to Military Cyber Operations},
  year          = {2015},
  note          = {cited By 4},
  number        = {3},
  pages         = {387--405},
  volume        = {28},
  document_type = {Article},
  doi           = {10.1007/s13347-014-0185-4},
  source        = {Scopus},
  url           = {https://www.scopus.com/inward/record.uri?eid=2-s2.0-84939178345&doi=10
.1007%2fs13347-014-0185-4&partnerID=40&md5=39b7d48512fba9743903967c054
31486},
}

@Article{Thumfart2020,
  author        = {J. Thumfart},
  journal       = {Internet Policy Review},
  title         = {Public and private just wars: Distributed cyber deterrence based on vitoria and grotius},
  year          = {2020},
  note          = {cited By 2},
  number        = {3},
  pages         = {1--26},
  volume        = {9},
  document_type = {Article},
  doi           = {10.14763/2020.3.1500},
  source        = {Scopus},
  url           = {https://www.scopus.com/inward/record.uri?eid=2-s2.0-85090984318&doi=10
.14763%2f2020.3.1500&partnerID=40&md5=aaf25d594c9df68347a41a3d57a9761d},
}

@Article{Hare2019,
  author        = {F.B. Hare},
  journal       = {Contemporary Security Policy},
  title         = {Precision cyber weapon systems: An important component of a responsible national security strategy?},
  year          = {2019},
  note          = {cited By 2},
  number        = {2},
  pages         = {193--213},
  volume        = {40},
  document_type = {Article},
  doi           = {10.1080/13523260.2018.1529369},
  source        = {Scopus},
  url           = {https://www.scopus.com/inward/record.uri?eid=2-s2.0-85054600024&doi=10
.1080%2f13523260.2018.1529369&partnerID=40&md5=a3b73569f5e8c06277fe120
fd2100297},
}

@Article{Schweighofer2020,
  author        = {E. Schweighofer and I. Brunner and J. Zanol},
  journal       = {Masaryk University Journal of Law and Technology},
  title         = {Malicious cyber operations, ``Hackbacks'' and international law: An austrian example as a basis for discussion on permissible responses},
  year          = {2020},
  note          = {cited By 0},
  number        = {2},
  pages         = {227--258},
  volume        = {14},
  document_type = {Article},
  doi           = {10.5817/MUJLT2020-2-4},
  source        = {Scopus},
  url           = {https://www.scopus.com/inward/record.uri?eid=2-s2.0-85091888747&doi=10
.5817%2fMUJLT2020-2-4&partnerID=40&md5=2ebac8894b9bff2e53f805ecc7aaad7
a},
}

@Article{Macak2015,
  author    = {Kubo Macak},
  journal   = {{ISRAEL LAW REVIEW}},
  title     = {{MILITARY OBJECTIVES 2.0: THE CASE FOR INTERPRETING COMPUTER DATA AS OBJECTS UNDER INTERNATIONAL HUMANITARIAN LAW}},
  year      = {{2015}},
  issn      = {{0021-2237}},
  month     = {{MAR}},
  number    = {{1}},
  pages     = {{55--80}},
  volume    = {{48}},
  doi       = {10.1017/S0021223714000260},
  eissn     = {{2047-9336}},
  unique-id = {{ISI:000409733200004}},
}

@Article{Bellovin2017,
  author        = {S.M. Bellovin and S. Landau and H.S. Lin},
  journal       = {Journal of Cybersecurity},
  title         = {Limiting the undesired impact of cyber weapons: Technical requirements and policy implications},
  year          = {2017},
  note          = {cited By 4},
  number        = {1},
  pages         = {59--68},
  volume        = {3},
  document_type = {Article},
  doi           = {10.1093/cybsec/tyx001},
  source        = {Scopus},
  url           = {https://www.scopus.com/inward/record.uri?eid=2-s2.0-85050950117&doi=10
.1093%2fcybsec%2ftyx001&partnerID=40&md5=98ee357aefa1048377988258da588
0aa},
}
{year={2021}-4,
    abstract = {In Facebook groups of young Moroccan non-believers, 
cartoons, memes, and jokes that mock religion are widely shared. By 
phrasing the messages in a humorous way, it is possible to express 
experiences and viewpoints that are more difficult to communicate in 
direct speech. Studying these forms of humor can reveal several 
themes, frames, and tropes that are important to many former Muslims, 
such as criticizing the legal restrictions of non-belief and 
countering stereotypes about non-believers. This leads to the 
following question: To what extent is humor being employed as an 
(online) tool for young Moroccan non-believers to challenge the 
religious status quo? To answer this question, the article analyzes 
numerous examples of religious-related humor during the COVID-19 
pandemic and Ramadan. Hereby, it becomes clear that many jokes remain 
a limited and covert dissent strategy, as they are only shared among 
fellow non-believers. Yet, this article argues that jokes are an 
important method of differentiation, self-expression, and in-group 
identification that can build a fruitful ground for future activism.},
    journal = {Religions},
    keywords = {Religions And Theology; anthropology of non-religion; 
lived religion; online activism; humor; memes; Morocco; Islam; Jokes; 
Political activism; Activists; Pandemics; Society; Censorship; 
Rebellions; Religion; Morality; Coronaviruses; Disease transmission; 
COVID-19},
    language = {English},
    note = {Copyright - {\copyright} 2021. This work is licensed under 
http://creativecommons.org/licenses/by/3.0/ (the ``License''). 
Notwithstanding the ProQuest Terms and Conditions, you may use this 
content in accordance with the terms of the License; Last updated - 
2021-02-01; SubjectsTermNotLitGenreText - Morocco},
    number = {2},
    pages = {73},
    title = {Laughing about Religious Authority---But Not Too Loud},
    url = 
{
https://search.proquest.com/scholarly-journals/laughing-about-religiou
s-authority-not-too-loud/docview/2482434692/se-2?accountid=14511},
    volume = {12}
}

@Article{Liivoja2012,
  author        = {R. Liivoja and T. Mccormack},
  journal       = {Yearbook of International Humanitarian Law},
  title         = {Law in the Virtual Battlespace: The Tallin Manual and the Jus in Bello},
  year          = {2012},
  note          = {cited By 0},
  pages         = {45--58},
  volume        = {15},
  document_type = {Article},
  doi           = {10.1007/978-90-6704-924-5_3},
  source        = {Scopus},
  url           = {https://www.scopus.com/inward/record.uri?eid=2-s2.0-84940701112&doi=10
.1007%2f978-90-6704-924-5_3&partnerID=40&md5=b901a7ec4ba35cde7869fe8b6
1224134},
}

@Article{Eberle2013,
  author        = {C.J. Eberle},
  journal       = {Journal of Military Ethics},
  title         = {Just war and cyberwar},
  year          = {2013},
  note          = {cited By 12},
  number        = {1},
  pages         = {54--67},
  volume        = {12},
  document_type = {Article},
  doi           = {10.1080/15027570.2013.782638},
  source        = {Scopus},
  url           = {https://www.scopus.com/inward/record.uri?eid=2-s2.0-84876382761&doi=10
.1080%2f15027570.2013.782638&partnerID=40&md5=ea371430123a2398da76160c
c6175387},
}

@Article{Fidler2016,
  author        = {D.P. Fidler},
  journal       = {Daedalus},
  title         = {Just \&amp; unjust war, uses of force \&amp; coercion: An ethical inquiry with cyber illustrations},
  year          = {2016},
  note          = {cited By 1},
  number        = {4},
  pages         = {37--49},
  volume        = {145},
  document_type = {Article},
  doi           = {10.1162/DAED_a_00410},
  source        = {Scopus},
  url           = {https://www.scopus.com/inward/record.uri?eid=2-s2.0-84988569088&doi=10
.1162%2fDAED_a_00410&partnerID=40&md5=35c2a4ea4ab3e4c143be205f87e6fb87},
}

@Article{Smeets2018,
  author        = {M. Smeets},
  journal       = {Defence Studies},
  title         = {Integrating offensive cyber capabilities: meaning, dilemmas, and assessment},
  year          = {2018},
  note          = {cited By 5},
  number        = {4},
  pages         = {395--410},
  volume        = {18},
  document_type = {Article},
  doi           = {10.1080/14702436.2018.1508349},
  source        = {Scopus},
  url           = {https://www.scopus.com/inward/record.uri?eid=2-s2.0-85051976932&doi=10
.1080%2f14702436.2018.1508349&partnerID=40&md5=35ac8d062bd052d8c29dcc8
cd57edb5a},
}

@Article{Maas2019,
  author        = {M.M. Maas},
  journal       = {Contemporary Security Policy},
  title         = {How viable is international arms control for military artificial intelligence? Three lessons from nuclear weapons},
  year          = {2019},
  note          = {cited By 8},
  number        = {3},
  pages         = {285--311},
  volume        = {40},
  document_type = {Article},
  doi           = {10.1080/13523260.2019.1576464},
  source        = {Scopus},
  url           = {https://www.scopus.com/inward/record.uri?eid=2-s2.0-85061318390&doi=10
.1080%2f13523260.2019.1576464&partnerID=40&md5=9a4c83f09c05f9843a0b4d3
447e07856},
}

@Article{McReynolds2015,
  author        = {P. McReynolds},
  journal       = {Philosophy and Technology},
  title         = {How to Think About Cyber Conflicts Involving Non-state Actors},
  year          = {2015},
  note          = {cited By 1},
  number        = {3},
  pages         = {427--448},
  volume        = {28},
  document_type = {Article},
  doi           = {10.1007/s13347-015-0187-x},
  source        = {Scopus},
  url           = {https://www.scopus.com/inward/record.uri?eid=2-s2.0-84939210589&doi=10
.1007%2fs13347-015-0187-x&partnerID=40&md5=037d27c5ee7ef8d0024e0615eef
adbca},
}

@Article{Kessler2013,
  author        = {O. Kessler and W. Werner},
  journal       = {Leiden Journal of International Law},
  title         = {Expertise, uncertainty, and international law: A study of the Tallinn manual on cyberwarfare},
  year          = {2013},
  note          = {cited By 20},
  number        = {4},
  pages         = {793--810},
  volume        = {26},
  document_type = {Article},
  doi           = {10.1017/S0922156513000410031},
  source        = {Scopus},
  url           = {https://www.scopus.com/inward/record.uri?eid=2-s2.0-84887577522&doi=10
.1017%2fS0922156513000410031&partnerID=40&md5=e56b61ac75bef8f6825f55b9
6a804bd3},
}

@Article{Braman2017,
  author        = {S. Braman},
  journal       = {First Monday},
  title         = {Emanations of the informational state: Cyber operations and the difficulties},
  year          = {2017},
  note          = {cited By 1},
  number        = {5},
  volume        = {22},
  art_number    = {1},
  document_type = {Article},
  doi           = {10.5210/fm.v22i5.7870},
  source        = {Scopus},
  url           = {https://www.scopus.com/inward/record.uri?eid=2-s2.0-85018778447&doi=10
.5210%2ffm.v22i5.7870&partnerID=40&md5=ce8acc431e8243b2c743b2a5c32f74b
b},
}

@Article{Walton2017,
  author        = {B.A. Walton},
  journal       = {Yale Law Journal},
  title         = {Duties owed: Low-intensity cyber attacks and liability for transboundary torts in international law},
  year          = {2017},
  note          = {cited By 4},
  number        = {5},
  pages         = {1460--1519},
  volume        = {126},
  document_type = {Article},
  source        = {Scopus},
  url           = {https://www.scopus.com/inward/record.uri?eid=2-s2.0-85016270085&partne
rID=40&md5=e57891fa5fb7686261be3b6f0b3d0af9},
}

@Article{Macak2016,
  author        = {K. Macak},
  journal       = {Journal of Conflict and Security Law},
  title         = {Decoding article 8 of the international law commission's articles on state responsibility: Attribution of cyber operations by non-state actors},
  year          = {2016},
  note          = {cited By 4},
  number        = {3},
  pages         = {405--428},
  volume        = {21},
  document_type = {Article},
  doi           = {10.1093/jcsl/krw014},
  source        = {Scopus},
  url           = {https://www.scopus.com/inward/record.uri?eid=2-s2.0-85014631145&doi=10
.1093%2fjcsl%2fkrw014&partnerID=40&md5=39789ecc45ca8ba8f719013fb2a3ab0
0},
}

@Article{Dorn2019,
  author        = {A.W. Dorn and S. Webb},
  journal       = {International Journal of Cyber Warfare and Terrorism},
  title         = {Cyberpeacekeeping: New ways to prevent and manage cyberattacks},
  year          = {2019},
  note          = {cited By 0},
  number        = {1},
  pages         = {19--30},
  volume        = {9},
  document_type = {Article},
  doi           = {10.4018/IJCWT.2019010102},
  source        = {Scopus},
  url           = {https://www.scopus.com/inward/record.uri?eid=2-s2.0-85064535444&doi=10
.4018%2fIJCWT.2019010102&partnerID=40&md5=d8370226977002a6d92ead2d4268
1d79},
}

@Article{Pipyros2016,
  author    = {Kosmas Pipyros and Lilian Mitrou and Dimitris Gritzalis and Theodoros Apostolopoulos},
  journal   = {{INFORMATION AND COMPUTER SECURITY}},
  title     = {{Cyberoperations and international humanitarian law A review of obstacles in applying international law rules in cyber warfare}},
  year      = {{2016}},
  issn      = {{2056-4961}},
  number    = {{1}},
  pages     = {{38--52}},
  volume    = {{24}},
  doi       = {10.1108/ICS-12-2014-0081},
  unique-id = {{ISI:000393456100003}},
}

@Article{Remus2013,
  author        = {T. Remus},
  journal       = {Journal of International Commercial Law and Technology},
  title         = {Cyber-attacks and international law of armed conflicts; a "jus ad bellum" perspective},
  year          = {2013},
  note          = {cited By 3},
  number        = {3},
  pages         = {179--189},
  volume        = {8},
  document_type = {Article},
  source        = {Scopus},
  url           = {https://www.scopus.com/inward/record.uri?eid=2-s2.0-84879584069&partne
rID=40&md5=ac088fd51470671a5d551d9e4ed14be6},
}

@Article{Robinson2015,
  author        = {M. Robinson and K. Jones and H. Janicke},
  journal       = {Computers and Security},
  title         = {Cyber warfare: Issues and challenges},
  year          = {2015},
  note          = {cited By 44},
  pages         = {70--94},
  volume        = {49},
  document_type = {Article},
  doi           = {10.1016/j.cose.2014.11.007},
  source        = {Scopus},
  url           = {https://www.scopus.com/inward/record.uri?eid=2-s2.0-84918589831&doi=10
.1016%2fj.cose.2014.11.007&partnerID=40&md5=69c91708632b23094d96f7cf49
9dc00d},
}

@Article{Turns2012,
  author        = {D. Turns},
  journal       = {Journal of Conflict and Security Law},
  title         = {Cyber warfare and the notion of direct participation in hostilities},
  year          = {2012},
  note          = {cited By 21},
  number        = {2},
  pages         = {279--297},
  volume        = {17},
  art_number    = {krs021},
  document_type = {Article},
  doi           = {10.1093/jcsl/krs021},
  source        = {Scopus},
  url           = {https://www.scopus.com/inward/record.uri?eid=2-s2.0-84865542105&doi=10
.1093%2fjcsl%2fkrs021&partnerID=40&md5=85388949ac99d850646a0fec2659da1
1},
}

@Article{Jensen2010,
  author        = {E.T. Jensen},
  journal       = {Texas Law Review},
  title         = {Cyber warfare and precautions against the effects of attacks},
  year          = {2010},
  note          = {cited By 19},
  number        = {7},
  pages         = {1533--1569},
  volume        = {88},
  document_type = {Article},
  source        = {Scopus},
  url           = {https://www.scopus.com/inward/record.uri?eid=2-s2.0-78649349388&partne
rID=40&md5=b1cc3035b6cbd5a17100d59600334322},
}

@Article{Lin2013,
  author        = {H. Lin},
  journal       = {International Review of the Red Cross},
  title         = {Cyber conflict and international humanitarian law},
  year          = {2013},
  note          = {cited By 14},
  number        = {886},
  pages         = {515--531},
  volume        = {94},
  document_type = {Article},
  doi           = {10.1017/S1816383112000811},
  source        = {Scopus},
  url           = {https://www.scopus.com/inward/record.uri?eid=2-s2.0-84880454964&doi=10
.1017%2fS1816383112000811&partnerID=40&md5=46c477bdf3d5b4d8eb5be6c28a0
e22b7},
}

@Article{Buchan2012,
  author        = {R. Buchan},
  journal       = {Journal of Conflict and Security Law},
  title         = {Cyber attacks: Unlawful uses of force or prohibited interventions?},
  year          = {2012},
  note          = {cited By 34},
  number        = {2},
  pages         = {212--227},
  volume        = {17},
  art_number    = {krs014},
  document_type = {Article},
  doi           = {10.1093/jcsl/krs014},
  source        = {Scopus},
  url           = {https://www.scopus.com/inward/record.uri?eid=2-s2.0-84865562287&doi=10
.1093%2fjcsl%2fkrs014&partnerID=40&md5=3c1b7dea8109a93a876b21e9cea270b
0},
}

@Article{Tsagourias2012,
  author        = {N. Tsagourias},
  journal       = {Journal of Conflict and Security Law},
  title         = {Cyber attacks, self-defence and the problem of attribution},
  year          = {2012},
  note          = {cited By 53},
  number        = {2},
  pages         = {229--244},
  volume        = {17},
  art_number    = {krs019},
  document_type = {Article},
  doi           = {10.1093/jcsl/krs019},
  source        = {Scopus},
  url           = {https://www.scopus.com/inward/record.uri?eid=2-s2.0-84865532879&doi=10
.1093%2fjcsl%2fkrs019&partnerID=40&md5=0b0514a56f8d11ab41d6117c716f64f
3},
}

@Article{Sliedregt2016,
  author        = {E. van Sliedregt},
  journal       = {Journal of Conflict and Security Law},
  title         = {Command responsibility and cyberattacks},
  year          = {2016},
  note          = {cited By 1},
  number        = {3},
  pages         = {505--521},
  volume        = {21},
  document_type = {Article},
  doi           = {10.1093/jcsl/krw012},
  source        = {Scopus},
  url           = {https://www.scopus.com/inward/record.uri?eid=2-s2.0-85014662905&doi=10
.1093%2fjcsl%2fkrw012&partnerID=40&md5=5783aea3f008d58a8282011ab923e99
2},
}

@Article{Hughes2010,
  author        = {R. Hughes},
  journal       = {International Affairs},
  title         = {A treaty for cyberspace},
  year          = {2010},
  note          = {cited By 32},
  number        = {2},
  pages         = {523--541},
  volume        = {86},
  document_type = {Article},
  doi           = {10.1111/j.1468-2346.2010.00894.x},
  source        = {Scopus},
  url           = {https://www.scopus.com/inward/record.uri?eid=2-s2.0-77954100648&doi=10
.1111%2fj.1468-2346.2010.00894.x&partnerID=40&md5=27dc0bc943124bf1e53f
e2c89842b0ba},
}

@Article{Efrony2018,
  author        = {D. Efrony and Y. Shany},
  journal       = {American Journal of International Law},
  title         = {A Rule Book on the Shelf? Tallinn Manual 2.0 on Cyberoperations and Subsequent State Practice},
  year          = {2018},
  note          = {cited By 14},
  number        = {4},
  pages         = {583--657},
  volume        = {112},
  document_type = {Article},
  doi           = {10.1017/ajil.2018.86},
  source        = {Scopus},
  url           = {https://www.scopus.com/inward/record.uri?eid=2-s2.0-85055178123&doi=10
.1017%2fajil.2018.86&partnerID=40&md5=2a5d6485918b409582fbf9b9f221c6b6},
}
